@Article{Albrecht-1989,
  AUTHOR =	 {Albrecht, B. A.},
  TITLE =	 {Aerosols, {C}loud {M}icrophysics, and {F}ractional
                  {C}loudiness},
  JOURNAL =	 {Science},
  VOLUME =	 {15},
  YEAR =	 {1989},
  NUMBER =	 {4923},
  PAGES =	 {1227--1230},
  DOI =		 {10.1126/science.245.4923.1227}
}

@Article{Bangert-2011,
  AUTHOR =	 {Bangert, M. and Kottmeier, C. and Vogel, B. and
                  Vogel, H.},
  TITLE =	 {Regional scale effects of the aerosol cloud
                  interaction simulated with an online coupled
                  comprehensive chemistry model},
  JOURNAL =	 {Atmospheric Chemistry and Physics},
  VOLUME =	 {11},
  YEAR =	 {2011},
  NUMBER =	 {},
  PAGES =	 {4411--4423},
  DOI =		 {10.5194/acp-11-4411-2011}
}

@Article{Bangert-2012,
  AUTHOR =	 {Bangert, M. and Nenes, A.  and Vogel, B.  and Vogel,
                  H. and Barahona, D.  and Karydis, V.  A. and Kumar,
                  P. and Kottmeier, C. and Blahak, U.},
  TITLE =	 {Saharan dust event impacts on cloud formation and
                  radiation over {W}estern {E}urope},
  JOURNAL =	 {Atmospheric Chemistry and Physics Discussions},
  VOLUME =	 {11},
  YEAR =	 {2011},
  NUMBER =	 {12},
  PAGES =	 {31937--31982},
  DOI =		 {10.5194/acpd-11-31937-2011}
}

@Article{Charlson-1991,
  AUTHOR =	 {Charlson, R J. and others},
  TITLE =	 {Perturbation of the {N}orthern-{H}emisphere
                  radiative balance by backscattering from
                  anthropogenic sulfate aerosols},
  JOURNAL =	 {Tellus Series A Dynamic Meteorology and
                  Oceanography},
  VOLUME =	 {43},
  YEAR =	 {1991},
  NUMBER =	 {4},
  PAGES =	 {152--163},
  DOI =		 {10.1034/j.1600-0870.1991.00013.x}
}

@Article{Haywood-2000,
  AUTHOR =	 {Haywood, J. M. and Boucher, O.},
  TITLE =	 {Estimates of the direct and indirect radiative
                  forcing due to tropospheric aerosols: {A} review},
  JOURNAL =	 {Reviews of Geophysics},
  VOLUME =	 {38},
  YEAR =	 {2000},
  NUMBER =	 {4},
  PAGES =	 {513--543},
  DOI =		 {10.1029/1999RG000078}
}

@book{IPCC-2013,
  AUTHOR =	 {{IPCC\IPCClongname}},
  TITLE =	 {Climate Change 2013: The Physical Science Basis},
  SERIES =	 {Working Group I Contribution to the Fifth Assessment
                  Report of the Intergovernmental Panel on Climate
                  Change},
  PUBLISHER =	 {Cambridge University Press},
  ADDRESS =	 {Cambridge, United Kingdom and New York, NY, USA},
  YEAR =	 {2013}
}

@Article{Khain-2008,
  AUTHOR =	 {Khain, A. and Benmoshe, N. and Pokrovsky, A.},
  TITLE =	 {Factors determining the impact of aerosols on
                  surface precipitation from clouds: an attempt at
                  classification},
  JOURNAL =	 {Journal of the Atmospheric Sciences},
  VOLUME =	 {65},
  YEAR =	 {2008},
  NUMBER =	 {6},
  PAGES =	 {1721--1748},
  DOI =		 {10.1175/2007JAS2515.1}
}

@Article{Knote-2011,
  AUTHOR =	 {Knote, C. and Brunner, D.  and Vogel, H. and Allan,
                  J. and Asmi, A.  and \"Aij\"al\"a, M. and Carbone,
                  S. and van der Gon, H.  D.  and Jimenez, J.  L.  and
                  Kiendler-Scharr, A. and Mohr, C. and Poulain, L. and
                  Pr\'ev\^ot, A.  S. H.  and Swietlicki, E. and Vogel,
                  B.},
  TITLE =	 {Towards an online-coupled chemistry-climate model:
                  evaluation of trace gases and aerosols in
                  {COSMO-ART}},
  JOURNAL =	 {Geoscientific Model Development},
  VOLUME =	 {4},
  YEAR =	 {2011},
  NUMBER =	 {4},
  PAGES =	 {1077--1102},
  DOI =		 {10.5194/gmd-4-1077-2011}
}

@Article{Knote-2013,
  AUTHOR =	 {Knote, C. and Brunner, D.},
  TITLE =	 {An advanced scheme for wet scavenging and
                  liquid-phase chemistry in a regional online-coupled
                  chemistry transport model},
  JOURNAL =	 {Atmospheric Chemistry and Physics},
  VOLUME =	 {13},
  YEAR =	 {2013},
  PAGES =	 {1177--1192},
  DOI =		 {10.5194/acp-13-1177-2013}
}

@Article{Koch-2009,
  AUTHOR =	 {Koch, D. and others},
  TITLE =	 {Distinguishing {A}erosol {I}mpacts on {C}limate over
                  the {P}ast {C}entury},
  JOURNAL =	 {Journal of Climate},
  VOLUME =	 {22},
  YEAR =	 {2009},
  NUMBER =	 {10},
  PAGES =	 {2659--2677},
  DOI =		 {10.1175/2008JCLI2573.1}
}

@Article{Lee-2012,
  AUTHOR =	 {Lee, S. S. and Feingold, G. and Chuang, P. Y.},
  TITLE =	 {Effect of aerosol on cloud-environment interactions
                  in trade cumulus},
  JOURNAL =	 {Journal of the Atmospheric Sciences},
  VOLUME =	 {69},
  YEAR =	 {2012},
  PAGES =	 {3607--3632},
  DOI =		 {10.1175/JAS-D-12-026.1}
}

@Article{Lee-2013,
  AUTHOR =	 {Lee, L. A. and Pringle, K. J. and Reddington,
                  C. L. and Mann, G. W. and Stier, P. and Spracklen,
                  D. V. and Pierce, J. R. and Carslaw, K. S.},
  TITLE =	 {The magnitude and causes of uncertainty in global
                  model simulations of cloud condensation nuclei},
  JOURNAL =	 {Atmospheric Chemistry and Physics},
  VOLUME =	 {13},
  YEAR =	 {2013},
  PAGES =	 {8879--8914},
  DOI =		 {10.5194/acp-13-8879-2013}
}

@Article{Liao-2005,
  AUTHOR =	 {Liao, H. and Seinfeld, J. H.},
  TITLE =	 {Global impacts of gas-phase chemistry-aerosol
                  interactions on direct radiative forcing by
                  anthropogenic aerosols and ozone},
  JOURNAL =	 {Journal of Geophysical Research-Atmospheres},
  VOLUME =	 {110},
  YEAR =	 {2005},
  NUMBER =	 {D18},
  DOI =		 {10.1029/2005JD005907}
}

@Article{Lohmann-2005,
  AUTHOR =	 {Lohmann, U. and Feichter, J.},
  TITLE =	 {Global indirect aerosol effects: a review},
  JOURNAL =	 {Atmospheric Chemistry and Physics},
  VOLUME =	 {5},
  YEAR =	 {2005},
  PAGES =	 {715--737},
  DOI =		 {10.5194/acp-5-715-2005}
}

@Article{Lundgren-2013,
  AUTHOR =	 {Lundgren, K. and Vogel, B. and Vogel, H. and Kottmeier, C.},
  TITLE =	 {Direct radiative effects of sea salt for the
                  Mediterranean Region at conditions of low to
                  moderate wind speeds},
  JOURNAL =	 {Journal of Geophysical Research},
  VOLUME =	 {118},
  YEAR =	 {2013},
  NUMBER =	 {4},
  PAGES =	 {1906--1923},
  DOI =		 {10.1029/2012JD018629}
}

@book{Pruppacher-2010,
  AUTHOR =	 {Pruppacher, H. R. and Klett, J. D.},
  TITLE =	 {Microphysics of Clouds and Precipitation},
  SERIES =	 {Atmospheric and Oceanographic Sciences Library},
  VOLUME =	 {18},
  PUBLISHER =	 {Kluwer Academics},
  YEAR =	 {2010}
}

@Article{Putaud-2010,
  AUTHOR =	 {Putaud, J.-P. and others},
  TITLE =	 {A {E}uropean aerosol phenomenology â€“ 3: {P}hysical
                  and chemical characteristics of particulate matter
                  from 60 rural, urban, and kerbside sites across
                  {E}urope},
  JOURNAL =	 {Atmospheric Environment},
  VOLUME =	 {44},
  YEAR =	 {2010},
  NUMBER =	 {10},
  PAGES =	 {1308--1320},
  DOI =		 {10.1016/j.atmosenv.2009.12.011}
}

@Article{Ramanathan-2001,
  AUTHOR =	 {Ramanathan, V. and others},
  TITLE =	 {Indian {O}cean {E}xperiment: {A}n integrated
                  analysis of the climate forcing and effects of the
                  great {I}ndo-{A}sian haze},
  JOURNAL =	 {Journal of Geophysical Research-Atmospheres},
  VOLUME =	 {106},
  YEAR =	 {2001},
  NUMBER =	 {D22},
  PAGES =	 {28371--28398},
}

@Article{Rosenfeld-2000,
  AUTHOR =	 {Rosenfeld, D.},
  TITLE =	 {Suppression of {R}ain and {S}now by {U}rban and
                  {I}ndustrial {A}ir {P}ollution},
  JOURNAL =	 {Science},
  VOLUME =	 {287},
  YEAR =	 {2000},
  NUMBER =	 {5459},
  PAGES =	 {1793--1796},
  DOI =		 {10.1126/science.287.5459.1793}
}

@Article{Rosenfeld-2013,
  AUTHOR =	 {Rosenfeld, D. and Wood, R. and Donner, L. J. and
                  Sherwood, S. C.},
  TITLE =	 {Aerosol {C}loud-{M}ediated {R}adiative {F}orcing:
                  {H}ighly {U}ncertain and {O}pposite {E}ffects from
                  {S}hallow and {D}eep {C}louds},
  JOURNAL =	 {Climate Science for Serving Society: Research,
                  Modelling and Prediction Priorities},
  YEAR =	 {2013},
  PAGES =	 {105--149},
  DOI =		 {10.1007/978-94-007-6692-1_5}
}

@Article{Seifert-2012,
  AUTHOR =	 {Seifert, A. and K\"ohler, C. and Beheng, K. D.},
  TITLE =	 {Aerosol-cloud-precipitation effects over {G}ermany
                  as simulated by a convective-scale numerical weather
                  prediction model},
  JOURNAL =	 {Atmospheric Chemistry and Physics},
  VOLUME =	 {12},
  YEAR =	 {2012},
  NUMBER =	 {2},
  PAGES =	 {709--725},
  DOI =		 {10.5194/acp-12-709-2012}
}

@Article{Sherwood-2013,
  AUTHOR =	 {Sherwood, S. C. and Alexander, M. J. and Brown,
                  A. R. and McFarlane, N. A. and Gerber, E. P. and
                  Feingold, G. and Scaife, A. A. and Grabowski, W. W.},
  TITLE =	 {Climate {P}rocesses: {C}louds, {A}erosols and
                  {D}ynamics},
  JOURNAL =	 {Climate Science for Serving Society: Research,
                  Modelling and Prediction Priorities},
  YEAR =	 {2013},
  PAGES =	 {73--103},
  DOI =		 {10.1007/978-94-007-6692-1_4}
}

@Article{Tao-2012,
  AUTHOR =	 {Tao, W.-K and Chen, J. P. and Li, Z. and Wang,
                  C. and Zhang, C.},
  TITLE =	 {Impact of aerosols on convective clouds and
                  precipitation},
  JOURNAL =	 {Reviews of Geophysics},
  VOLUME =	 {50},
  YEAR =	 {2012},
  NUMBER =	 {2},
  DOI =		 {10.1029/2011RG000369}
}

@Article{Twomey-1977,
  AUTHOR =	 {Twomey, S.},
  TITLE =	 {The influence of pollution on the shortwave albedo
                  of clouds},
  JOURNAL =	 {Journal of the Atmospheric Sciences},
  VOLUME =	 {34},
  YEAR =	 {1977},
  NUMBER =	 {7},
  PAGES =	 {1149--1152},
  DOI =		 {10.1175/1520-0469(1977)034<1149:TIOPOT>2.0.CO;2}
}

@Article{VandenHeever-2011,
  AUTHOR =	 {Van den Heever, S. C. and Stephens, G. L. and Wood,
                  N. B.},
  TITLE =	 {Aerosol indirect effects on tropical convection
                  characteristics under conditions of
                  radiative-convective equilibrium},
  JOURNAL =	 {Journal of the Atmospheric Sciences},
  VOLUME =	 {68},
  YEAR =	 {2011},
  NUMBER =	 {4},
  PAGES =	 {699--718},
  DOI =		 {10.1175/2010JAS3603.1}
}

@book{Zehner-2012,
  AUTHOR =	 {Zehner, O.},
  TITLE =	 {Green Illusions: The Dirty Secrets of Clean Energy
                  and the Future of Environmentalism},
  SERIES =	 {Technology and Engineering},
  PUBLISHER =	 {University of Nebraska Press},
  YEAR =	 {2012}
}